@techreport{perikymataV1,
  title                    = {Análisis paleontológico de piezas dentales},
  author                   = {Sergio Chico Carrancio},
  date                     = {2016-07-06},
  institution              = {Universidad de Burgos},
  type                     = {Trabajo de Fin de Grado},
  year                     = {2016},
  location                 = {Burgos, España},
}

@techreport{dietasIsma,
  title                    = {Estimación de la dieta por análisis de marcas dentales},
  author                   = {Ismael Tobar García},
  date                     = {2017-06-01},
  institution              = {Universidad de Burgos},
  type                     = {Trabajo de Fin de Grado},
  year                     = {2017},
  location                 = {Burgos, España},
}

@misc{JavaFX,
       author = "Oracle",
       title = "JavaFX Overview",
       year = "2017",
       howpublished = {\url{http://docs.oracle.com/javase/8/javafx/get-started-tutorial/jfx-overview.htm#JFXST784}},
       note = "(Accedido 19/06/2017)"
}

@misc{ wiki:GPL,
       author = "Wikipedia",
       title = "GNU General Public License --- Wikipedia{,} La enciclopedia libre",
       year = "2017",
       url = "\url{https://es.wikipedia.org/w/index.php?title=GNU_General_Public_License&oldid=99208527}",
note = "(Accedido 24/06/2017)"
}

@misc{ wiki:Sobel,
   author = "Wikipedia",
   title = "Sobel operator --- Wikipedia{,} The Free Encyclopedia",
   year = "2017",
   url = "\url{https://en.wikipedia.org/w/index.php?title=Sobel_operator&oldid=784500120}",
note = "(Accedido 09/06/2017)"
 }
 
 @article{scholar:venmathi2016kirsch,
  title={Kirsch Compass Kernel Edge Detection Algorithm for Micro Calcification Clusters in Mammograms},
  author={Venmathi, A and Ganesh, E and Kumaratharan, N},
  journal={Middle-East Journal of Scientific Research},
  volume={24},
  number={4},
  pages={1530--1535},
  year={2016}
}

@misc{skimage:Frangi,
author = {Scikit-Image},
title = {Frangi filter},
howpublished = {\url{http://scikit-image.org/docs/dev/api/skimage.filters.html#skimage.filters.frangi}},
year = {2017},
note = {(Accedido 09/06/2017)}
}
@misc{skimage:HoughLine,
author = {Scikit-Image},
title = {Probabilistic Hough Line},
howpublished = {\url{http://scikit-image.org/docs/dev/api/skimage.transform.html#skimage.transform.probabilistic_hough_line
}},
year = {2017},
note = {(Accedido 11/06/2017)}
}
@misc{ wiki:HessianMatrix,
   author = "Wikipedia",
   title = "Hessian matrix --- Wikipedia{,} The Free Encyclopedia",
   year = "2017",
   url = "\url{https://en.wikipedia.org/w/index.php?title=Hessian_matrix&oldid=784705871}",
note = "(Accedido 11/06/2017)"
 }
 
 @misc{ wiki:Eigenvector,
   author = "Wikipedia",
   title = "Eigenvalues and eigenvectors --- Wikipedia{,} The Free Encyclopedia",
   year = "2017",
   url = "\url{https://en.wikipedia.org/w/index.php?title=Eigenvalues_and_eigenvectors&oldid=784812665}",
note = "(Accedido 08/06/2017)"
 }
 
  @misc{ wiki:spaceHSV_HSI_HSL,
   author = "Wikipedia",
   title = "HSL and HSV --- Wikipedia{,} The Free Encyclopedia",
   year = "2017",
   url = "\url{https://en.wikipedia.org/w/index.php?title=HSL_and_HSV&oldid=784470148}",
note = "(Accedido 11/06/2017)"
 }
 
 @misc{ wiki:RGB,
   author = "Wikipedia",
   title = "RGB color model --- Wikipedia{,} The Free Encyclopedia",
   year = "2017",
   url = "\url{https://en.wikipedia.org/w/index.php?title=RGB_color_model&oldid=784499411}",
note = "(Accedido 11/06/2017)"
 }