@techreport{perikymataV1,
  title                    = {Análisis paleontológico de piezas dentales},
  author                   = {Sergio Chico Carrancio},
  date                     = {2016-07-06},
  institution              = {Universidad de Burgos},
  type                     = {Trabajo de Fin de Grado},
  year                     = {2016},
  location                 = {Burgos, España},
}

@misc{atapuercaYacimientos,
author = {Fundación Atapuerca},
title = {Yacimientos de Atapuerca},
howpublished = {\url{http://www.atapuerca.org/apartado/142/los-yacimientos}},
month = {},
year = {},
note = {(Accedido 10/06/2017)}
}

@techreport{dietasIsma,
  title                    = {Estimación de la dieta por análisis de marcas dentales},
  author                   = {Ismael Tobar García},
  date                     = {2017-06-01},
  institution              = {Universidad de Burgos},
  type                     = {Trabajo de Fin de Grado},
  year                     = {2017},
  location                 = {Burgos, España},
}

@misc{wiki:TeoriaGrafos,
       author = "Wikipedia",
       title = "Teoría de grafos --- Wikipedia{,} La enciclopedia libre",
       year = "2017",
       url = "\url{https://es.wikipedia.org/wiki/Teor\%C3\%ADa_de_grafos}",
note = "(Accedido 23/06/2017)"
}

@misc{wiki:Prewitt,
   author = "Wikipedia",
   title = "Prewitt operator --- Wikipedia{,} The Free Encyclopedia",
   year = "2017",
   url = "\url{https://en.wikipedia.org/w/index.php?title=Prewitt_operator&oldid=768614081}",
note = "(Accedido 10/06/2017)"
}

@misc{Gimp:online,
author = {GIMP},
title = {GIMP Descargas, tutoriales y foros. Alternativa a Photoshop gratis y libre},
howpublished = {\url{http://www.gimp.org.es/}},
month = {},
year = {},
note = {(Accedido 10/06/2017)}
}

@misc{wiki:CLAHE,
   author = "Wikipedia",
   title = "Adaptive histogram equalization --- Wikipedia{,} The Free Encyclopedia",
   year = "2017",
   url = "\url{https://en.wikipedia.org/w/index.php?title=Adaptive_histogram_equalization&oldid=782050620}",
note = "(Accedido 10/06/2017)"
 }
 
  @misc{wiki:ImageNoise,
   author = "Wikipedia",
   title = "Image noise --- Wikipedia{,} The Free Encyclopedia",
   year = "2017",
   url = "\url{https://en.wikipedia.org/w/index.php?title=Image_noise&oldid=781002666}",
note = "(Accedido 10/06/2017)"
 }
 
 @misc{wiki:TotalVariation,
   author = "Wikipedia",
   title = "Total variation denoising --- Wikipedia{,} The Free Encyclopedia",
   year = "2017",
   url = "\url{https://en.wikipedia.org/w/index.php?title=Total_variation_denoising&oldid=782261199}",
note = "(Accedido 10/06/2017)"
 }
 
 @article{articuloTotalVariation,
  title={An iterative regularization method for total variation-based image restoration},
  author={Osher, Stanley and Burger, Martin and Goldfarb, Donald and Xu, Jinjun and Yin, Wotao},
  journal={Multiscale Modeling \& Simulation},
  volume={4},
  number={2},
  pages={460--489},
  year={2005},
  publisher={SIAM}
}

@article{chambolle2004algorithm,
  title={An algorithm for total variation minimization and applications},
  author={Chambolle, Antonin},
  journal={Journal of Mathematical imaging and vision},
  volume={20},
  number={1},
  pages={89--97},
  year={2004},
  publisher={Springer}
}

@misc{wiki:gaussianNoise,
   author = "Wikipedia",
   title = "Gaussian noise --- Wikipedia{,} The Free Encyclopedia",
   year = "2017",
   url = "\url{https://en.wikipedia.org/w/index.php?title=Gaussian_noise&oldid=782652611}",
note = "(Accedido 08/06/2017)"
 }
 
 @inproceedings{galamhos1999progressiveHough,
  title={Progressive probabilistic Hough transform for line detection},
  author={Galamhos, C and Matas, Jose and Kittler, Josef},
  booktitle={Computer Vision and Pattern Recognition, 1999. IEEE Computer Society Conference on.},
  volume={1},
  pages={554--560},
  year={1999},
  organization={IEEE}
}
 
 @misc{wiki:Sobel,
   author = "Wikipedia",
   title = "Sobel operator --- Wikipedia{,} The Free Encyclopedia",
   year = "2017",
   url = "\url{https://en.wikipedia.org/w/index.php?title=Sobel_operator&oldid=784500120}",
note = "(Accedido 09/06/2017)"
 }
 
 @article{scholar:venmathi2016kirsch,
  title={Kirsch Compass Kernel Edge Detection Algorithm for Micro Calcification Clusters in Mammograms},
  author={Venmathi, A and Ganesh, E and Kumaratharan, N},
  journal={Middle-East Journal of Scientific Research},
  volume={24},
  number={4},
  pages={1530--1535},
  year={2016}
}

@misc{wiki:RobertOperator,
   author = "Wikipedia",
   title = "Roberts cross --- Wikipedia{,} The Free Encyclopedia",
   year = "2016",
   url = "\url{https://en.wikipedia.org/w/index.php?title=Roberts_cross&oldid=751195840}",
note = "(Accedido 09/06/2017)"
 }
 
 @misc{skimage:Frangi,
author = {Scikit-Image},
title = {Frangi filter},
howpublished = {\url{http://scikit-image.org/docs/dev/api/skimage.filters.html#skimage.filters.frangi}},
year = {2017},
note = {(Accedido 09/06/2017)}
}

 @misc{skimage:HoughLine,
author = {Scikit-Image},
title = {Probabilistic Hough Line},
howpublished = {\url{http://scikit-image.org/docs/dev/api/skimage.transform.html#skimage.transform.probabilistic_hough_line
}},
year = {2017},
note = {(Accedido 11/06/2017)}
}

@misc{wiki:Lenna,
   author = "Wikipedia",
   title = "Lenna --- Wikipedia{,} The Free Encyclopedia",
   year = "2017",
   url = "\url{https://en.wikipedia.org/w/index.php?title=Lenna&oldid=783410244}",
note = "(Accedido 12/06/2017)"
 }


@misc{ wiki:HessianMatrix,
   author = "Wikipedia",
   title = "Hessian matrix --- Wikipedia{,} The Free Encyclopedia",
   year = "2017",
   url = "\url{https://en.wikipedia.org/w/index.php?title=Hessian_matrix&oldid=784705871}",
note = "(Accedido 11/06/2017)"
 }
 
 @misc{wiki:Eigenvector,
   author = "Wikipedia",
   title = "Eigenvalues and eigenvectors --- Wikipedia{,} The Free Encyclopedia",
   year = "2017",
   url = "\url{https://en.wikipedia.org/w/index.php?title=Eigenvalues_and_eigenvectors&oldid=784812665}",
note = "(Accedido 08/06/2017)"
 }
 
  @misc{wiki:spaceHSV_HSI_HSL,
   author = "Wikipedia",
   title = "HSL and HSV --- Wikipedia{,} The Free Encyclopedia",
   year = "2017",
   url = "\url{https://en.wikipedia.org/w/index.php?title=HSL_and_HSV&oldid=784470148}",
note = "(Accedido 11/06/2017)"
 }
 
 @misc{ wiki:RGB,
   author = "Wikipedia",
   title = "RGB color model --- Wikipedia{,} The Free Encyclopedia",
   year = "2017",
   url = "\url{https://en.wikipedia.org/w/index.php?title=RGB_color_model&oldid=784499411}",
note = "(Accedido 11/06/2017)"
 }


@misc{ ubu:ApuntesHardware,
   author = "César Represa Pérez",
   title = "Procesamiento Digital de Imagen y Vídeo v2.2",
   howpublished = "Apuntes Hardware de Aplicación Específica, Universidad de Burgos",
   year = "2016",
   note = "(Secciónes 2 y 3)"
 }
 
 @misc{ ubu:Metodologia,
   author = "Raúl Marticorena Sánchez and David H. Martín Alonso and José Miguel
López Robledo and Carlos Pardo Aguilar",
   title = "Introducción al lenguaje Java",
   howpublished = "Apuntes Metodología de la programación, Universidad de Burgos",
   year = "2013"
 }
 
 
@misc{wiki:TiposFiltros,
       author = "Wikipedia",
       title = "Procesamiento digital de imágenes --- Wikipedia{,} La enciclopedia libre",
       year = "2016",
       url = "\url{https://es.wikipedia.org/w/index.php?title=Procesamiento_digital_de_im\%C3\%A1genes&oldid=95630348}",
note = "(Accedido 11/06/2017)"
}


@unpublished{paperMEH,
	author	= "Modesto-Mata M and García-Campos C and Martín Francés L",
	title	= "New methodology to reconstruc in \textsc{2-D} the cuspal enamel of modern human lower molars",
	year	= "2017",
	month	= "04",
}

@misc{wiki:git,
       author = "Wikipedia",
       title = "Git --- Wikipedia{,} La enciclopedia libre",
       year = "2017",
       url = "\url{https://es.wikipedia.org/w/index.php?title=Git&oldid=99756908}",
note = "(Accedido 19/06/2017)"
}

@misc{JavaFX,
       author = "Oracle",
       title = "JavaFX Overview",
       year = "2017",
       howpublished = {\url{http://docs.oracle.com/javase/8/javafx/get-started-tutorial/jfx-overview.htm#JFXST784}},
       note = "(Accedido 19/06/2017)"
}

@misc{ImageJ,
       author = "ImageJ",
       title = "ImageJ",
       year = "2017",
       howpublished = {\url{https://imagej.nih.gov/ij/index.html}},
       note = "(Accedido 19/06/2017)"
}

@misc{Scipy,
       author = "Scipy",
       title = "Scipy Overview",
       year = "2017",
       howpublished = {\url{https://www.scipy.org/about.html}},
       note = "(Accedido 19/06/2017)"
}



@misc{wiki:Python,
       author = "Wikipedia",
       title = "Python --- Wikipedia{,} La enciclopedia libre",
       year = "2017",
       url = "\url{https://es.wikipedia.org/w/index.php?title=Python&oldid=99626793}",
note = "(Accedido 19/06/2017)"
}

@misc{wiki:OpenCV,
   author = "Wikipedia",
   title = "OpenCV --- Wikipedia{,} The Free Encyclopedia",
   year = "2017",
   url = "\url{https://en.wikipedia.org/w/index.php?title=OpenCV&oldid=782111525}",
note = "(Accedido 19/06/2017)"
 }

@misc{jupyterNotebook,
       author = "Jupyter Notebook",
       title = "What is Jupyter Notebook?",
       year = "2017",
       url = "\url{http://jupyter-notebook-beginner-guide.readthedocs.io/}",
       note = "(Accedido 19/06/2017)"
}  




@book{koza92,
		author    = "Koza, John R.",
		title     = "Genetic Programming: On the Programming of Computers by Means of Natural Selection",
		publisher = "MIT Press",
		year      = "1992"
}


@misc{ wiki:latex,
       author = "Wikipedia",
       year = "2017",
       url = "https://es.wikipedia.org/w/index.php?title=LaTeX&oldid=84209252",
       note = "(Accedido 19/06/2017)"
}




@manual{OpenCVManual,
  title = {The OpenCV Reference Manual},
  organization = {Itseez},
  edition = {2.4.9.0},
  month = {April},
  year = {2014},
  notes = {See \url{http://opencv.org/}}
  }
  

  
  
@misc{ForoOpenCV,
  author = "OpenCV Answers",
    title = "HSV Hue",
       year = "2017",
       url = "http://answers.opencv.org/question/59330/is-hsv-supposed-to-look-extremely-blotchy-in-opencv/",
       note = "(Imagen descargada)"
  }


@article{bortolot2005,
  title={Estimating forest biomass using small footprint LiDAR data: An individual tree-based approach that incorporates training data},
  author={Bortolot, Zachary J and Wynne, Randolph H},
  journal={ISPRS Journal of Photogrammetry and Remote Sensing},
  volume={59},
  number={6},
  pages={342--360},
  year={2005},
  publisher={Elsevier}
}

